@inproceedings{Weng:2010:TFT:1718487.1718520,
 author = {Weng, Jianshu and Lim, Ee-Peng and Jiang, Jing and He, Qi},
 title = {TwitterRank: Finding Topic-sensitive Influential Twitterers},
 booktitle = {Proceedings of the Third ACM International Conference on Web Search and Data Mining},
 series = {WSDM '10},
 year = {2010},
 isbn = {978-1-60558-889-6},
 location = {New York, New York, USA},
 pages = {261--270},
 numpages = {10},
 url = {http://doi.acm.org/10.1145/1718487.1718520},
 doi = {10.1145/1718487.1718520},
 acmid = {1718520},
 publisher = {ACM},
 address = {New York, NY, USA},
 keywords = {influential, pagerank, twitter},
} 
@inproceedings{conf/www/ZhaiBAA12,
  added-at = {2012-08-28T00:00:00.000+0200},
  author = {Zhai, Ke and Boyd-Graber, Jordan L. and 0001, Nima Asadi and Alkhouja, Mohamad L.},
  biburl = {http://www.bibsonomy.org/bibtex/2c1f52accbe9b0cffec308c80a0f352ff/dblp},
  booktitle = {WWW},
  crossref = {conf/www/2012},
  editor = {Mille, Alain and Gandon, Fabien L. and Misselis, Jacques and Rabinovich, Michael and Staab, Steffen},
  ee = {http://doi.acm.org/10.1145/2187836.2187955},
  interhash = {b5d902402eb024d1793b7bcd9fc8724c},
  intrahash = {c1f52accbe9b0cffec308c80a0f352ff},
  isbn = {978-1-4503-1229-5},
  keywords = {dblp},
  pages = {879-888},
  publisher = {ACM},
  timestamp = {2012-08-28T00:00:00.000+0200},
  title = {Mr. LDA: a flexible large scale topic modeling package using variational inference in MapReduce.},
  url = {http://dblp.uni-trier.de/db/conf/www/www2012.html#ZhaiBAA12},
  year = 2012
}

@article{DBLP:journals/corr/ChengADKL14,
  author    = {Justin Cheng and
               Lada A. Adamic and
               P. Alex Dow and
               Jon M. Kleinberg and
               Jure Leskovec},
  title     = {Can Cascades be Predicted?},
  journal   = {CoRR},
  volume    = {abs/1403.4608},
  year      = {2014},
  ee        = {http://arxiv.org/abs/1403.4608},
  bibsource = {DBLP, http://dblp.uni-trier.de}
}